

@inproceedings{Erlandson_Atkins_Fox_Vogl_Miedlar_Ponce_2023,
  title     = {Resilient s-ACD for Asynchronous Collaborative Solutions of Systems of Linear Equations},
  volume    = {35},
  isbn      = {978-83-967447-8-4},
  issn      = {2300-5963},
  url       = {https://annals-csis.org/proceedings/2023/drp/8932.html},
  booktitle = {Annals of Computer Science and Information Systems},
  author    = {Erlandson, Lucas and Atkins, Zachary and Fox, Alyson and Vogl, Christopher and Miedlar, Agnieszka and Ponce, Colin},
  year      = {2023},
  pages     = {441-450},
  language  = {en}
}

@article{osti_1811216,
  title   = {Distribution System Voltage Prediction from Smart Inverters using Decentralized Regression},
  author  = {Atkins, Zachary R and Vogl, Christopher J and Madduri, Achintya and Duan, Nan and Międlar, Agnieszka K and Merl, Daniel},
  doi     = {10.1109/PESGM46819.2021.9637900},
  url     = {https://www.osti.gov/biblio/1811216},
  journal = {2021 IEEE Power \& Energy Society General Meeting (PESGM)},
  place   = {United States},
  year    = {2021},
  month   = jul
} 

@unpublished{Talk_SIAMCSE21,
  title  = {Using Decentralized Learning to Reduce Communication in Column-Partitioned, Multi-Agent Systems},
  author = {Atkins, Zachary},
  year   = {2021},
  month  = mar,
  note   = {Minisymposium Talk at \textit{SIAM Conference on Computational Science and Engineering (CSE21)}},
  url    = {https://meetings.siam.org/sess/dsp_programsess.cfm?SESSIONCODE=70178}
}

@unpublished{Talk_CM22,
  title  = {The Algorithmic Development of a Fully Asynchronous Conjugate Gradient Method},
  author = {Atkins, Zachary and Fox, Alyson and Międlar, Agnieszka and Ponce, Colin and Vogl, Christopher},
  year   = {2022},
  month  = apr,
  note   = {Talk at \textit{17th Copper Mountain Conference on Iterative Methods}},
  url    = {https://easychair.org/smart-program/CM2022/2022-04-04.html#talk:187908}
}
